@misc{Discos,
  author       = {Wikipedia},
  title        = {GNU/Linux},
  year         = {2025},
  howpublished = {\url{https://es.wikipedia.org/wiki/GNU/Linux#Discos,_particiones_y_sistemas_de_archivos}}
}

@misc{Archivos,
  author       = {Ubuntu},
  title        = {Guía de Escritorio de Kubuntu},
  year         = {2006},
  howpublished = {\url{https://help.ubuntu.com/kubuntu/desktopguide/es/directories-file-systems.html}}
}

@misc{Actualizar,
  author       = {Ubuntu},
  title        = {Guía de Escritorio de Kubuntu},
  year         = {2006},
  howpublished = {\url{https://help.ubuntu.com/kubuntu/desktopguide/es/apt-get.html}}
}

@misc{RAID,
	author       = {Wikipedia},
	title        = {RAID},
	year         = {2011},
	howpublished = {\url{https://es.wikipedia.org/wiki/RAID#}}
}

@misc{rcfile,
	author       = {Unix StackExchange},
	title        = {Where is the rc file for vi editor},
	year         = {2022},
	howpublished = {\url{https://unix.stackexchange.com/questions/180710/where-is-the-rc-file-for-vi-editor#:~:text=IEEE%20Std%201003.1%2D2001%20does,the%20root%20partition%20is%20present.}}
}

@misc{umask,
	author       = {Joel Barrios Dueñas},
	title        = {Permisos del sistema de archivos en GNU/Linux.},
	year         = {2016},
	howpublished = {\url{https://blog.alcancelibre.org/staticpages/index.php/permisos-sistema-de-archivos}}
}

@misc{quota,
	author       = {Wikipedia},
	title        = {Cuota de disco},
	year         = {2024},
	howpublished = {\url{https://es.wikipedia.org/wiki/Cuota_de_disco}}
}

@misc{disk_quota,
	author       = {ArchWiki},
	title        = {Disk quota},
	year         = {2022},
	howpublished = {\url{https://wiki.archlinux.org/title/Disk_quota}}
}